@article{FFTW,
  doi = {10.1109/jproc.2004.840301},
  url = {http://dx.doi.org/10.1109/JPROC.2004.840301},
  year  = {2005},
  month = {feb},
  publisher = {Institute of Electrical {\&} Electronics Engineers ({IEEE})},
  volume = {93},
  number = {2},
  pages = {216--231},
  author = {M. Frigo and S.G. Johnson},
  title = {The Design and Implementation of {FFTW}3},
  journal = {Proceedings of the {IEEE}}
}

@online{DFT,
url = {http://www.uni-koblenz.de/~physik/informatik/DSV/DFT.pdf},
urldate = {2015-12-20},
}

@online{Powering_microphones,
url = {http://www.epanorama.net/circuits/microphone_powering.html#phantom},
urldate = {2015-12-20},
}

@techreport{tcp,
  author = {Jon Postel},
  title = {Transmission Control Protocol},
  howpublished = {Internet Requests for Comments},
  type = {STD},
  number = {7},
  year = {1981},
  month = {September},
  issn = {2070-1721},
  publisher = {RFC Editor},
  institution = {RFC Editor},
  url = {http://www.rfc-editor.org/rfc/rfc793.txt},
}

@techreport{websockets,
  author = {I. Fette and A. Melnikov},
  title = {The WebSocket Protocol},
  howpublished = {Internet Requests for Comments},
  type = {RFC},
  number = {6455},
  year = {2011},
  month = {December},
  issn = {2070-1721},
  publisher = {RFC Editor},
  institution = {RFC Editor},
  url = {http://www.rfc-editor.org/rfc/rfc6455.txt},
}

@online{portaudio,
url = {http://www.portaudio.com/},
urldate = {2016-01-03},
}

@BOOK{elektret,
	AUTHOR = {Lerch, Reinhard AND Sessler, Gerhard M. AND Wolf, Dietrich},
	YEAR = {2009},
	TITLE = {Technische Akustik - Grundlagen und Anwendungen},
	ISBN = {978-3-540-49833-9},
	PUBLISHER = {Springer-Verlag},
	ADDRESS = {Berlin Heidelberg New York},
}

@MISC{Gnuplot, 
 author = {Thomas Williams and Colin Kelley and {many others}}, 
 title = {Gnuplot 4.4: an interactive plotting program}, 
 month = {March}, 
 year = {2010}, 
 howpublished={\url{http://gnuplot.sourceforge.net/}} 
} 

@online{Rausch,
url = {https://de.wikipedia.org/w/index.php?title=Signal-Rausch-Verh%C3%A4ltnis&direction=prev&oldid=151031958},
urldate = {2016-01-02},
}

@online{Spracherkennung,
url = {http://nt.uni-paderborn.de/forschung/sprachsignal-verarbeitung-und-spracherkennung/geraeuschrobuste-spracherkennung/},
urldate = {2016-01-11},
}

@online{BASOTECT,
url = {http://www.plasticsportal.net/wa/plasticsEU~EN_GB/portal/show/content/products/foams/basotect},
urldate = {2016-01-16}
}

@online{camera,
url = {http://www.acoustic-camera.com/de.html},
urldate = {2016-01-11},
}

@online{nmics,
url = {http://www.campbell-associates.co.uk/saleacocam.htm},
urldate = {2016-01-13},
}

@online{direction,
url = {https://en.wikipedia.org/wiki/Acoustic_camera#Technology},
urldate = {2016-01-13},
}

@online{sample,
url = {http://www.robots.ox.ac.uk/~sjrob/Teaching/SP/l7.pdf},
urldate = {2016-01-13},
}

@misc{OpenAL,
    author = {Hiebert, Garin},
    howpublished={\url{https://www.openal.org/documentation/openal-1.1-specification.pdf}},
    posted-at = {2011-04-16 00:42:29},
    title = {{OpenAL} 1.1 Specification and Reference},
    year = {2005}
}

@misc{mathematica,
	author = {Inc. Wolfram Research},
	title = {Mathematica}, 
	edition = {Version 9.0},
	publisher = {Wolfram Research, Inc.},
	place = {Champaign, Illinois},
	date = {2012}
}

@article{middlebrooks1991sound,
  title={Sound localization by human listeners},
  author={Middlebrooks, John C and Green, David M},
  journal={Annual review of psychology},
  volume={42},
  number={1},
  pages={135--159},
  year={1991},
  publisher={Annual Reviews 4139 El Camino Way, PO Box 10139, Palo Alto, CA 94303-0139, USA}
}

@inproceedings{Anderson:1990:LPL:110382.110385,
 author = {Anderson, E. and Bai, Z. and Dongarra, J. and Greenbaum, A. and McKenney, A. and Du Croz, J. and Hammerling, S. and Demmel, J. and Bischof, C. and Sorensen, D.},
 title = {LAPACK: A Portable Linear Algebra Library for High-performance Computers},
 booktitle = {Proceedings of the 1990 ACM/IEEE Conference on Supercomputing},
 series = {Supercomputing '90},
 year = {1990},
 isbn = {0-89791-412-0},
 location = {New York, New York, USA},
 pages = {2--11},
 numpages = {10},
 url = {http://dl.acm.org/citation.cfm?id=110382.110385},
 acmid = {110385},
 publisher = {IEEE Computer Society Press},
 address = {Los Alamitos, CA, USA},
}

@book{householder2006principles,
 title={Principles of numerical analysis},
 author={Householder, Alston S},
 year={2006},
 publisher={Courier Corporation}
}

@book{muthsam2006lineare,
  title={Lineare Algebra und ihre Anwendungen},
  author={Muthsam, Herbert J},
  year={2006},
  publisher={Elsevier, Spektrum Akad. Verlag}
}